@article{Marwan_2007,
	doi = {10.1016/j.physrep.2006.11.001},
	url = {https://doi.org/10.1016%2Fj.physrep.2006.11.001},
	year = 2007,
	month = {jan},
	publisher = {Elsevier {BV}},
	volume = {438},
	number = {5-6},
	pages = {237--329},
	author = {N Marwan and M Carmenromano and M Thiel and J Kurths},
	title = {Recurrence plots for the analysis of complex systems},
	journal = {Physics Reports}
}

@article{Marwan_2002,
	doi = {10.1103/physreve.66.026702},
	url = {https://doi.org/10.1103%2Fphysreve.66.026702},
	year = 2002,
	month = {aug},
	publisher = {American Physical Society ({APS})},
	volume = {66},
	number = {2},
	author = {Norbert Marwan and Niels Wessel and Udo Meyerfeldt and Alexander Schirdewan and Jürgen Kurths},
	title = {Recurrence-plot-based measures of complexity and their application to heart-rate-variability data},
	journal = {Physical Review E}
}

@article{Aubert_2003,
	doi = {10.2165/00007256-200333120-00003},
	url = {https://doi.org/10.2165%2F00007256-200333120-00003},
	year = 2003,
	publisher = {Springer Science and Business Media {LLC}},
	volume = {33},
	number = {12},
	pages = {889--919},
	author = {Andr?? E Aubert and Bert Seps and Frank Beckers},
	title = {Heart Rate Variability in Athletes},
	journal = {Sports Medicine}
}

@article{Giuliani_1998,
	doi = {10.1152/ajpheart.1998.275.4.h1455},
	url = {https://doi.org/10.1152%2Fajpheart.1998.275.4.h1455},
	year = 1998,
	month = {oct},
	publisher = {American Physiological Society},
	volume = {275},
	number = {4},
	pages = {H1455--H1461},
	author = {A. Giuliani and G. Piccirillo and V. Marigliano and A. Colosimo},
	title = {A nonlinear explanation of aging-induced changes  in heartbeat dynamics},
	journal = {American Journal of Physiology-Heart and Circulatory Physiology}
}

@article{Rajendra_Acharya_2006,
	doi = {10.1007/s11517-006-0119-0},
	url = {https://doi.org/10.1007%2Fs11517-006-0119-0},
	year = 2006,
	month = {nov},
	publisher = {Springer Science and Business Media {LLC}},
	volume = {44},
	number = {12},
	pages = {1031--1051},
	author = {U. Rajendra Acharya and K. Paul Joseph and N. Kannathal and Choo Min Lim and Jasjit S. Suri},
	title = {Heart rate variability: a review},
	journal = {Medical \& Biological Engineering \& Computing}
}

@article{Webber_1994,
	doi = {10.1152/jappl.1994.76.2.965},
	url = {https://doi.org/10.1152%2Fjappl.1994.76.2.965},
	year = 1994,
	month = {feb},
	publisher = {American Physiological Society},
	volume = {76},
	number = {2},
	pages = {965--973},
	author = {C. L. Webber and J. P. Zbilut},
	title = {Dynamical assessment of physiological systems and states using recurrence plot strategies},
	journal = {Journal of Applied Physiology}
}

@article{Henriques_2020,
	doi = {10.3390/e22030309},
	url = {https://doi.org/10.3390%2Fe22030309},
	year = 2020,
	month = {mar},
	publisher = {{MDPI} {AG}},
	volume = {22},
	number = {3},
	pages = {309},
	author = {Teresa Henriques and Maria Ribeiro and Andreia Teixeira and Lu{\'{\i}}sa Castro and Lu{\'{\i}}s Antunes and Cristina Costa-Santos},
	title = {Nonlinear Methods Most Applied to Heart-Rate Time Series: A Review},
	journal = {Entropy}
}

@incollection{Hoshi_2016,
	doi = {10.1007/978-3-319-29922-8_8},
	url = {https://doi.org/10.1007%2F978-3-319-29922-8_8},
	year = 2016,
	publisher = {Springer International Publishing},
	pages = {157--168},
	author = {Rosangela Akemi Hoshi and Carlos Marcelo Pastre and Luiz Carlos Marques Vanderlei and Moacir Fernandes Godoy},
	title = {Assessment of Heart Rate Complexity Recovery from Maximal Exercise Using Recurrence Quantification Analysis},
	booktitle = {Springer Proceedings in Physics}
}

@article{Voss_2008,
	doi = {10.1098/rsta.2008.0232},
	url = {https://doi.org/10.1098%2Frsta.2008.0232},
	year = 2008,
	month = {oct},
	publisher = {The Royal Society},
	volume = {367},
	number = {1887},
	pages = {277--296},
	author = {Andreas Voss and Steffen Schulz and Rico Schroeder and Mathias Baumert and Pere Caminal},
	title = {Methods derived from nonlinear dynamics for analysing heart rate variability},
	journal = {Philosophical Transactions of the Royal Society A: Mathematical, Physical and Engineering Sciences}
}

@article{Zimatore_2022,
	doi = {10.3390/ijerph191912719},
	url = {https://doi.org/10.3390%2Fijerph191912719},
	year = 2022,
	month = {oct},
	publisher = {{MDPI} {AG}},
	volume = {19},
	number = {19},
	pages = {12719},
	author = {Giovanna Zimatore and Maria Chiara Gallotta and Matteo Campanella and Piotr H. Skarzynski and Giuseppe Maulucci and Cassandra Serantoni and Marco De Spirito and Davide Curzi and Laura Guidetti and Carlo Baldari and Stavros Hatzopoulos},
	title = {Detecting Metabolic Thresholds from Nonlinear Analysis of Heart Rate Time Series: A Review},
	journal = {International Journal of Environmental Research and Public Health}
}

@article{Kamen_1995,
	doi = {10.1111/j.1445-5994.1995.tb00573.x},
	url = {https://doi.org/10.1111%2Fj.1445-5994.1995.tb00573.x},
	year = 1995,
	month = {feb},
	publisher = {Wiley},
	volume = {25},
	number = {1},
	pages = {18--26},
	author = {P. W. Kamen and A. M. Tonkin},
	title = {Application of the Poincar{\'{e}} plot to heart rate variability: a new measure of functional status in heart failure},
	journal = {Australian and New Zealand Journal of Medicine}
}

@article{Parati_2006,
	doi = {10.1152/japplphysiol.00446.2006},
	url = {https://doi.org/10.1152%2Fjapplphysiol.00446.2006},
	year = 2006,
	month = {aug},
	publisher = {American Physiological Society},
	volume = {101},
	number = {2},
	pages = {676--682},
	author = {Gianfranco Parati and Giuseppe Mancia and Marco Di Rienzo and Paolo Castiglioni},
	title = {Point:Counterpoint: Cardiovascular variability is/is not an index of autonomic control of circulation},
	journal = {Journal of Applied Physiology}
}

@article{Zeki_Al_Hazzouri_2014,
	doi = {10.1161/hypertensionaha.113.01888},
	url = {https://doi.org/10.1161%2Fhypertensionaha.113.01888},
	year = 2014,
	month = {jan},
	publisher = {Ovid Technologies (Wolters Kluwer Health)},
	volume = {63},
	number = {1},
	pages = {181--187},
	author = {Adina Zeki Al Hazzouri and Mary N. Haan and Yingzi Deng and John Neuhaus and Kristine Yaffe},
	title = {Reduced Heart Rate Variability Is Associated With Worse Cognitive Performance in Elderly Mexican Americans},
	journal = {Hypertension}
}

@article{Upton_2005,
	doi = {10.1186/1471-2210-5-5},
	url = {https://doi.org/10.1186%2F1471-2210-5-5},
	year = 2005,
	publisher = {Springer Science and Business Media {LLC}},
	volume = {5},
	number = {1},
	pages = {5},
	author = {Richard N Upton and Guy L Ludbrook},
	title = {Pharmacokinetic-pharmacodynamic modelling of the cardiovascular effects of drugs --- method development and application to magnesium in sheep},
	journal = {{BMC} Pharmacology}
}

@article{Jacob_1992,
	doi = {10.1093/eurheartj/13.suppl_e.7},
	url = {https://doi.org/10.1093%2Feurheartj%2F13.suppl_e.7},
	year = 1992,
	month = {nov},
	publisher = {Oxford University Press ({OUP})},
	volume = {13},
	number = {suppl E},
	pages = {7--14},
	author = {R. Jacob and B. Dierberger and G. Kissling},
	title = {Functional significance of the Frank-Starling mechanism under physiological and pathophysiological conditions},
	journal = {European Heart Journal}
}

@article{Holubarsch_1996,
	doi = {10.1161/01.cir.94.4.683},
	url = {https://doi.org/10.1161%2F01.cir.94.4.683},
	year = 1996,
	month = {aug},
	publisher = {Ovid Technologies (Wolters Kluwer Health)},
	volume = {94},
	number = {4},
	pages = {683--689},
	author = {Christian Holubarsch and Thorsten Ruf and Daniel J. Goldstein and Robert C. Ashton and Werner Nickl and Burkert Pieske and Katja Pioch and Jens Lu{\textasciidieresis}demann and Sandra Wiesner and Gerd Hasenfuss and Herbert Posival and Hanjo{\textasciidieresis}rg Just and Daniel Burkhoff},
	title = {Existence of the Frank-Starling Mechanism in the Failing Human Heart},
	journal = {Circulation}
}

@article{Mulieri_1992,
	doi = {10.1161/01.cir.85.5.1743},
	url = {https://doi.org/10.1161%2F01.cir.85.5.1743},
	year = 1992,
	month = {may},
	publisher = {Ovid Technologies (Wolters Kluwer Health)},
	volume = {85},
	number = {5},
	pages = {1743--1750},
	author = {L A Mulieri and G Hasenfuss and B Leavitt and P D Allen and N R Alpert},
	title = {Altered myocardial force-frequency relation in human heart failure.},
	journal = {Circulation}
}

@incollection{Pieske_1992,
	doi = {10.1007/978-3-642-72474-9_17},
	url = {https://doi.org/10.1007%2F978-3-642-72474-9_17},
	year = 1992,
	publisher = {Steinkopff},
	pages = {213--221},
	author = {B. Pieske and G. Hasenfuss and Ch. Holubarsch and R. Schwinger and M. Böhm and H. Just},
	title = {Alterations of the force-frequency relationship in the failing human heart depend on the underlying cardiac disease},
	booktitle = {Cellular and Molecular Alterations in the Failing Human Heart}
}

@article{Bristow_1982,
	doi = {10.1056/nejm198207223070401},
	url = {https://doi.org/10.1056%2Fnejm198207223070401},
	year = 1982,
	month = {jul},
	publisher = {Massachusetts Medical Society},
	volume = {307},
	number = {4},
	pages = {205--211},
	author = {Michael R. Bristow and Robert Ginsburg and Wayne Minobe and Roger S. Cubicciotti and W. Scott Sageman and Keith Lurie and Margaret E. Billingham and Donald C. Harrison and Edward B. Stinson},
	title = {Decreased Catecholamine Sensitivity and \textbeta-Adrenergic-Receptor Density in Failing Human Hearts},
	journal = {New England Journal of Medicine}
}

@article {Bristow_1989,
	author = {Bristow, M R and Hershberger, R E and Port, J D and Minobe, W and Rasmussen, R},
	title = {Beta 1- and beta 2-adrenergic receptor-mediated adenylate cyclase stimulation in nonfailing and failing human ventricular myocardium.},
	volume = {35},
	number = {3},
	pages = {295--303},
	year = {1989},
	publisher = {American Society for Pharmacology and Experimental Therapeutics},
	journal = {Molecular Pharmacology}
}

@article{Escorihuela_2020,
	doi = {10.1186/s12967-019-02184-z},
	url = {https://doi.org/10.1186%2Fs12967-019-02184-z},
	year = 2020,
	month = {jan},
	publisher = {Springer Science and Business Media {LLC}},
	volume = {18},
	number = {1},
	author = {Rosa Mar{\'{\i}}a Escorihuela and Llu{\'{\i}}s Capdevila and Juan Ramos Castro and Mar{\'{\i}}a Cleof{\'{e}} Zaragoz{\`{a}} and Sara Maurel and Jos{\'{e}} Alegre and Jes{\'{u}}s Castro-Marrero},
	title = {Reduced heart rate variability predicts fatigue severity in individuals with chronic fatigue syndrome/myalgic encephalomyelitis},
	journal = {Journal of Translational Medicine}
}

@incollection{Kiyono_2016,
	doi = {10.1007/978-4-431-56012-8_9},
	url = {https://doi.org/10.1007%2F978-4-431-56012-8_9},
	year = 2016,
	month = {sep},
	publisher = {Springer Japan},
	pages = {147--161},
	author = {Ken Kiyono and Junichiro Hayano and Eiichi Watanabe and Yoshiharu Yamamoto},
	title = {Heart Rate Variability ({HRV}) and Sympathetic Nerve Activity},
	booktitle = {Clinical Assessment of the Autonomic Nervous System}
}

@article{Malpas_2010,
	doi = {10.1152/physrev.00007.2009},
	url = {https://doi.org/10.1152%2Fphysrev.00007.2009},
	year = 2010,
	month = {apr},
	publisher = {American Physiological Society},
	volume = {90},
	number = {2},
	pages = {513--557},
	author = {Simon C. Malpas},
	title = {Sympathetic Nervous System Overactivity and Its Role in the Development of Cardiovascular Disease},
	journal = {Physiological Reviews}
}
